<?xml version="1.0" encoding="UTF-8"?><collection xmlns="http://www.loc.gov/MARC21/slim"><record><leader>00492nam--2200169-i-4500</leader><controlfield tag="001">000019307</controlfield><controlfield tag="002">20161230</controlfield><controlfield tag="005">20161230201033</controlfield><controlfield tag="008">060222s1000------------r-----000-0-eng-d</controlfield><datafield ind1=" " ind2=" " tag="040"><subfield code="a">IFIN-HH</subfield></datafield><datafield ind1=" " ind2=" " tag="080"><subfield code="a">537.228.1</subfield></datafield><datafield ind1="1" ind2=" " tag="100"><subfield code="a">Conragan, James</subfield></datafield><datafield ind1="1" ind2="0" tag="245"><subfield code="a">Piezoelectric field-effect transistor strain transducers</subfield><subfield code="b">Thesis</subfield><subfield code="c">James conragan</subfield></datafield><datafield ind1=" " ind2=" " tag="260"><subfield code="a">Ann Arbor, Michigan</subfield><subfield code="b">University Microfilms, Inc</subfield><subfield code="c">1969</subfield></datafield><datafield ind1=" " ind2=" " tag="300"><subfield code="a">V + 95 P</subfield></datafield><datafield ind1=" " ind2=" " tag="852"><subfield code="a">36060</subfield><subfield code="c">537:538</subfield></datafield><datafield ind1=" " ind2=" " tag="CAT"><subfield code="a">Sys</subfield><subfield code="c">20110617</subfield><subfield code="h">122531</subfield></datafield></record></collection>